@misc{sitoAMDvitis,
  author = {Advanced Micro Devices, Inc.},
  title = {Vitis Unified Software Platform},
  year = {2023},
  note = {https://www.xilinx.com/products/design-tools/vitis.html},
}

@misc{sitoOpencl,
  author = {The KhronosÂ® Group Inc.},
  note = {https://www.khronos.org/opencl/},
  title = {OpenCL},
  year = {2023},
}

@misc{sitoAlveoU50,
  author = {Advanced Micro Devices, Inc.},
  note = {https://www.xilinx.com/products/boards-and-kits/alveo/u50.html#documentation},
  title = {AlveoU50},
  year = {2022},
}

@misc{sitoMicroblaze,
  author = {Advanced Micro Devices, Inc.},
  note = {https://docs.xilinx.com/v/u/en-US/ug984-vivado-microblaze-ref},
  title = {Microblaze Reference Guide},
  year = {2023},
}

@misc{sitoDocumentazionePragma,
  author = {Advanced Micro Devices, Inc.},
  note = {https://docs.xilinx.com/r/en-US/ug1399-vitis-hls/pragma-HLS-interface},
  title = {Pragma Vitis Reference Guide},
  year = {2023},
}

@misc{sitoDocumentazioneVitis,
  author = {Advanced Micro Devices, Inc.},
  note = {https://docs.xilinx.com/r/en-US/Vitis-Tutorials-Getting-Started/Building-and-Running-on-Alveo-U250-Data-Center-Accelerator-Card},
  title = {Building and Running Vitis Reference Guide},
  year = {2023},
}

@misc{sitoLUT,
  author = {Xilinx Inc.},
  note ={https://www.xilinx.com/htmldocs/xilinx2017\_4/sdaccel\_doc/yeo1504034293627.html#:~:text=The%20LUT%20is%20the%20basic,functions%20to%20yield%20output%20values.},
  title = {LUT},
  year = {2018},
}


@misc{sitoREG,
  author = {NATIONAL INSTRUMENTS CORP.},
  note ={https://www.ni.com/docs/en-US/bundle/labview-fpga-module/page/lvfpgaconcepts/fpga\_basic\_chip\_terms.html#:~:text=A%20register%20is%20a%20group,match%20the%20internally%20stored%20data.},
  title = {Introduction to FPGA Hardware Concepts},
  year = {2023},
}

@misc{sitoDSP,
  author = {Wikipedia},
  note ={https://it.wikipedia.org/wiki/DSP},
  title = {DSP},
  year = {2023},
}

@misc{sitoURAM,
  author = {Xilinx Inc.},
  note ={https://docs.xilinx.com/r/en-US/am007-versal-memory/UltraRAM},
  title = {Ultra Ram},
  year = {2023},
}

@misc{sitoGNU,
  author = {Free Software Foundation, Inc.},
  note ={https://gcc.gnu.org},
  title = {GCC, the GNU Compiler Collection},
  year = {2023},
}

@book{libroarchitetture,
author={Harris, Harris},
title={Digital Design and Computer Architecture: ARM Edition},
publisher={Morgan Kaupfman},
year={2016}
}